%YAML 1.1
%TAG !u! tag:unity3d.com,2011:
--- !u!1 &8441988853162313472
GameObject:
  m_ObjectHideFlags: 0
  m_CorrespondingSourceObject: {fileID: 0}
  m_PrefabInstance: {fileID: 0}
  m_PrefabAsset: {fileID: 0}
  serializedVersion: 6
  m_Component:
  - component: {fileID: 8441988853162127282}
  m_Layer: 0
  m_Name: Bip001 L Toe0Nub
  m_TagString: Untagged
  m_Icon: {fileID: 0}
  m_NavMeshLayer: 0
  m_StaticEditorFlags: 0
  m_IsActive: 1
--- !u!4 &8441988853162127282
Transform:
  m_ObjectHideFlags: 0
  m_CorrespondingSourceObject: {fileID: 0}
  m_PrefabInstance: {fileID: 0}
  m_PrefabAsset: {fileID: 0}
  m_GameObject: {fileID: 8441988853162313472}
  m_LocalRotation: {x: -0.0000000073341653, y: 0.0000000037252903, z: 1, w: 8.855424e-17}
  m_LocalPosition: {x: -0.13325363, y: -0.000000007450581, z: -0.000000059604645}
  m_LocalScale: {x: -1, y: -1, z: -1}
  m_Children: []
  m_Father: {fileID: 8441988853162068816}
  m_RootOrder: 0
  m_LocalEulerAnglesHint: {x: 0, y: 0, z: -180}
--- !u!1 &8441988853162314002
GameObject:
  m_ObjectHideFlags: 0
  m_CorrespondingSourceObject: {fileID: 0}
  m_PrefabInstance: {fileID: 0}
  m_PrefabAsset: {fileID: 0}
  serializedVersion: 6
  m_Component:
  - component: {fileID: 8441988853162050690}
  m_Layer: 0
  m_Name: Bip001 L Finger1Nub
  m_TagString: Untagged
  m_Icon: {fileID: 0}
  m_NavMeshLayer: 0
  m_StaticEditorFlags: 0
  m_IsActive: 1
--- !u!4 &8441988853162050690
Transform:
  m_ObjectHideFlags: 0
  m_CorrespondingSourceObject: {fileID: 0}
  m_PrefabInstance: {fileID: 0}
  m_PrefabAsset: {fileID: 0}
  m_GameObject: {fileID: 8441988853162314002}
  m_LocalRotation: {x: -5.551115e-17, y: -0.0000000037252903, z: -0.000000014901161,
    w: 1}
  m_LocalPosition: {x: -0.12298393, y: 0, z: -0.000000029802322}
  m_LocalScale: {x: 1, y: 1, z: 0.99999994}
  m_Children: []
  m_Father: {fileID: 8441988853162103126}
  m_RootOrder: 0
  m_LocalEulerAnglesHint: {x: 0, y: 0, z: 0}
--- !u!1 &8441988853162314202
GameObject:
  m_ObjectHideFlags: 0
  m_CorrespondingSourceObject: {fileID: 0}
  m_PrefabInstance: {fileID: 0}
  m_PrefabAsset: {fileID: 0}
  serializedVersion: 6
  m_Component:
  - component: {fileID: 8441988853162179524}
  m_Layer: 0
  m_Name: Bip001 R Thigh
  m_TagString: Untagged
  m_Icon: {fileID: 0}
  m_NavMeshLayer: 0
  m_StaticEditorFlags: 0
  m_IsActive: 1
--- !u!4 &8441988853162179524
Transform:
  m_ObjectHideFlags: 0
  m_CorrespondingSourceObject: {fileID: 0}
  m_PrefabInstance: {fileID: 0}
  m_PrefabAsset: {fileID: 0}
  m_GameObject: {fileID: 8441988853162314202}
  m_LocalRotation: {x: -0.44684076, y: 0.8305311, z: -0.27135637, w: -0.19213855}
  m_LocalPosition: {x: 0.21991694, y: 0.05452922, z: -0.20155776}
  m_LocalScale: {x: 0.99999994, y: 0.99999994, z: 1}
  m_Children:
  - {fileID: 8441988853162100676}
  m_Father: {fileID: 8441988853162179430}
  m_RootOrder: 1
  m_LocalEulerAnglesHint: {x: 38.4953, y: -174.3799, z: -54.5984}
--- !u!1 &8441988853162314550
GameObject:
  m_ObjectHideFlags: 0
  m_CorrespondingSourceObject: {fileID: 0}
  m_PrefabInstance: {fileID: 0}
  m_PrefabAsset: {fileID: 0}
  serializedVersion: 6
  m_Component:
  - component: {fileID: 8441988853162051636}
  m_Layer: 0
  m_Name: Bip001
  m_TagString: Untagged
  m_Icon: {fileID: 0}
  m_NavMeshLayer: 0
  m_StaticEditorFlags: 0
  m_IsActive: 1
--- !u!4 &8441988853162051636
Transform:
  m_ObjectHideFlags: 0
  m_CorrespondingSourceObject: {fileID: 0}
  m_PrefabInstance: {fileID: 0}
  m_PrefabAsset: {fileID: 0}
  m_GameObject: {fileID: 8441988853162314550}
  m_LocalRotation: {x: -0.46226817, y: 0.62817556, z: 0.5350777, w: 0.32464662}
  m_LocalPosition: {x: 0, y: 0.8740341, z: -0.18268728}
  m_LocalScale: {x: 1.0000002, y: 1, z: 1}
  m_Children:
  - {fileID: 8441988853162157012}
  - {fileID: 8441988853162124246}
  m_Father: {fileID: 8441988853162067714}
  m_RootOrder: 2
  m_LocalEulerAnglesHint: {x: -76.5057, y: -158.15489, z: -90}
--- !u!1 &8441988853162315650
GameObject:
  m_ObjectHideFlags: 0
  m_CorrespondingSourceObject: {fileID: 0}
  m_PrefabInstance: {fileID: 0}
  m_PrefabAsset: {fileID: 0}
  serializedVersion: 6
  m_Component:
  - component: {fileID: 8441988853162072450}
  m_Layer: 0
  m_Name: Bone002
  m_TagString: Untagged
  m_Icon: {fileID: 0}
  m_NavMeshLayer: 0
  m_StaticEditorFlags: 0
  m_IsActive: 1
--- !u!4 &8441988853162072450
Transform:
  m_ObjectHideFlags: 0
  m_CorrespondingSourceObject: {fileID: 0}
  m_PrefabInstance: {fileID: 0}
  m_PrefabAsset: {fileID: 0}
  m_GameObject: {fileID: 8441988853162315650}
  m_LocalRotation: {x: -0.0000000028595424, y: -0.0000000059914913, z: 0.04968599,
    w: 0.9987649}
  m_LocalPosition: {x: -0.3395158, y: 0.000000029802322, z: 0}
  m_LocalScale: {x: 0.99999994, y: 0.99999994, z: 1}
  m_Children: []
  m_Father: {fileID: 8441988853162079388}
  m_RootOrder: 0
  m_LocalEulerAnglesHint: {x: 0, y: 0, z: 5.6959}
--- !u!1 &8441988853162319240
GameObject:
  m_ObjectHideFlags: 0
  m_CorrespondingSourceObject: {fileID: 0}
  m_PrefabInstance: {fileID: 0}
  m_PrefabAsset: {fileID: 0}
  serializedVersion: 6
  m_Component:
  - component: {fileID: 8441988853162175560}
  m_Layer: 0
  m_Name: Bip001 L Foot
  m_TagString: Untagged
  m_Icon: {fileID: 0}
  m_NavMeshLayer: 0
  m_StaticEditorFlags: 0
  m_IsActive: 1
--- !u!4 &8441988853162175560
Transform:
  m_ObjectHideFlags: 0
  m_CorrespondingSourceObject: {fileID: 0}
  m_PrefabInstance: {fileID: 0}
  m_PrefabAsset: {fileID: 0}
  m_GameObject: {fileID: 8441988853162319240}
  m_LocalRotation: {x: 0.0056473473, y: 0.12037107, z: -0.1341801, w: 0.9836029}
  m_LocalPosition: {x: -0.3922072, y: -0.00000009685755, z: 0.00000011920929}
  m_LocalScale: {x: 1, y: 1, z: 1.0000001}
  m_Children:
  - {fileID: 8441988853162068816}
  m_Father: {fileID: 8441988853162060338}
  m_RootOrder: 0
  m_LocalEulerAnglesHint: {x: 2.4881, y: 13.6212, z: -15.2390995}
--- !u!1 &8441988853162319824
GameObject:
  m_ObjectHideFlags: 0
  m_CorrespondingSourceObject: {fileID: 0}
  m_PrefabInstance: {fileID: 0}
  m_PrefabAsset: {fileID: 0}
  serializedVersion: 6
  m_Component:
  - component: {fileID: 8441988853162081360}
  m_Layer: 0
  m_Name: Bip001 R Clavicle
  m_TagString: Untagged
  m_Icon: {fileID: 0}
  m_NavMeshLayer: 0
  m_StaticEditorFlags: 0
  m_IsActive: 1
--- !u!4 &8441988853162081360
Transform:
  m_ObjectHideFlags: 0
  m_CorrespondingSourceObject: {fileID: 0}
  m_PrefabInstance: {fileID: 0}
  m_PrefabAsset: {fileID: 0}
  m_GameObject: {fileID: 8441988853162319824}
  m_LocalRotation: {x: 0.66059166, y: 0.18046074, z: 0.7066322, w: -0.17811137}
  m_LocalPosition: {x: 0.038188815, y: -0.075424075, z: -0.19918391}
  m_LocalScale: {x: 1, y: 1, z: 1.0000001}
  m_Children:
  - {fileID: 8441988853162168662}
  m_Father: {fileID: 8441988853162107110}
  m_RootOrder: 2
  m_LocalEulerAnglesHint: {x: -29.363998, y: 85.9136, z: -179.1258}
--- !u!1 &8441988853162320746
GameObject:
  m_ObjectHideFlags: 0
  m_CorrespondingSourceObject: {fileID: 0}
  m_PrefabInstance: {fileID: 0}
  m_PrefabAsset: {fileID: 0}
  serializedVersion: 6
  m_Component:
  - component: {fileID: 8441988853162063264}
  m_Layer: 0
  m_Name: Bip001 L Clavicle
  m_TagString: Untagged
  m_Icon: {fileID: 0}
  m_NavMeshLayer: 0
  m_StaticEditorFlags: 0
  m_IsActive: 1
--- !u!4 &8441988853162063264
Transform:
  m_ObjectHideFlags: 0
  m_CorrespondingSourceObject: {fileID: 0}
  m_PrefabInstance: {fileID: 0}
  m_PrefabAsset: {fileID: 0}
  m_GameObject: {fileID: 8441988853162320746}
  m_LocalRotation: {x: -0.66339105, y: -0.17151798, z: 0.7040601, w: -0.18652964}
  m_LocalPosition: {x: 0.03819549, y: -0.07527673, z: 0.19923845}
  m_LocalScale: {x: 1, y: 1, z: 1.0000001}
  m_Children:
  - {fileID: 8441988853162176792}
  - {fileID: 8441988853162179424}
  m_Father: {fileID: 8441988853162107110}
  m_RootOrder: 1
  m_LocalEulerAnglesHint: {x: 29.275, y: -85.9908, z: -177.69449}
--- !u!1 &8441988853162323992
GameObject:
  m_ObjectHideFlags: 0
  m_CorrespondingSourceObject: {fileID: 0}
  m_PrefabInstance: {fileID: 0}
  m_PrefabAsset: {fileID: 0}
  serializedVersion: 6
  m_Component:
  - component: {fileID: 8441988853162074786}
  m_Layer: 0
  m_Name: Bip001 R Finger0Nub
  m_TagString: Untagged
  m_Icon: {fileID: 0}
  m_NavMeshLayer: 0
  m_StaticEditorFlags: 0
  m_IsActive: 1
--- !u!4 &8441988853162074786
Transform:
  m_ObjectHideFlags: 0
  m_CorrespondingSourceObject: {fileID: 0}
  m_PrefabInstance: {fileID: 0}
  m_PrefabAsset: {fileID: 0}
  m_GameObject: {fileID: 8441988853162323992}
  m_LocalRotation: {x: 0.000000011175871, y: -0.0000000037252907, z: 1, w: 0.000000014901161}
  m_LocalPosition: {x: -0.15268403, y: 0.000000044703484, z: 0.000000059604645}
  m_LocalScale: {x: -1, y: -0.9999999, z: -1}
  m_Children: []
  m_Father: {fileID: 8441988853162110318}
  m_RootOrder: 0
  m_LocalEulerAnglesHint: {x: 0, y: 0, z: -180}
--- !u!1 &8441988853162330860
GameObject:
  m_ObjectHideFlags: 0
  m_CorrespondingSourceObject: {fileID: 0}
  m_PrefabInstance: {fileID: 0}
  m_PrefabAsset: {fileID: 0}
  serializedVersion: 6
  m_Component:
  - component: {fileID: 8441988853162124246}
  m_Layer: 0
  m_Name: Bip001 Pelvis
  m_TagString: Untagged
  m_Icon: {fileID: 0}
  m_NavMeshLayer: 0
  m_StaticEditorFlags: 0
  m_IsActive: 1
--- !u!4 &8441988853162124246
Transform:
  m_ObjectHideFlags: 0
  m_CorrespondingSourceObject: {fileID: 0}
  m_PrefabInstance: {fileID: 0}
  m_PrefabAsset: {fileID: 0}
  m_GameObject: {fileID: 8441988853162330860}
  m_LocalRotation: {x: -0.49999964, y: 0.50000036, z: 0.49999964, w: 0.50000036}
  m_LocalPosition: {x: 0, y: 0, z: 0}
  m_LocalScale: {x: 1, y: 1, z: 1}
  m_Children:
  - {fileID: 8441988853162179430}
  - {fileID: 8441988853162079388}
  - {fileID: 8441988853162064184}
  m_Father: {fileID: 8441988853162051636}
  m_RootOrder: 1
  m_LocalEulerAnglesHint: {x: -90, y: 90, z: 0}
--- !u!1 &8441988853162335536
GameObject:
  m_ObjectHideFlags: 0
  m_CorrespondingSourceObject: {fileID: 0}
  m_PrefabInstance: {fileID: 0}
  m_PrefabAsset: {fileID: 0}
  serializedVersion: 6
  m_Component:
  - component: {fileID: 8441988853162110318}
  m_Layer: 0
  m_Name: Bip001 R Finger01
  m_TagString: Untagged
  m_Icon: {fileID: 0}
  m_NavMeshLayer: 0
  m_StaticEditorFlags: 0
  m_IsActive: 1
--- !u!4 &8441988853162110318
Transform:
  m_ObjectHideFlags: 0
  m_CorrespondingSourceObject: {fileID: 0}
  m_PrefabInstance: {fileID: 0}
  m_PrefabAsset: {fileID: 0}
  m_GameObject: {fileID: 8441988853162335536}
  m_LocalRotation: {x: -0.052431304, y: -0.12142237, z: -0.3803796, w: 0.9153245}
  m_LocalPosition: {x: -0.15268403, y: 0, z: -0.000000029802322}
  m_LocalScale: {x: 1.0000001, y: 1.0000001, z: 1}
  m_Children:
  - {fileID: 8441988853162074786}
  m_Father: {fileID: 8441988853162150772}
  m_RootOrder: 0
  m_LocalEulerAnglesHint: {x: -10.856899, y: -10.703, z: -44.1124}
--- !u!1 &8441988853162337022
GameObject:
  m_ObjectHideFlags: 0
  m_CorrespondingSourceObject: {fileID: 0}
  m_PrefabInstance: {fileID: 0}
  m_PrefabAsset: {fileID: 0}
  serializedVersion: 6
  m_Component:
  - component: {fileID: 8441988853162173830}
  - component: {fileID: 8441988853165552882}
  - component: {fileID: 8441988853164506896}
  m_Layer: 0
  m_Name: weapon
  m_TagString: Untagged
  m_Icon: {fileID: 0}
  m_NavMeshLayer: 0
  m_StaticEditorFlags: 0
  m_IsActive: 1
--- !u!4 &8441988853162173830
Transform:
  m_ObjectHideFlags: 0
  m_CorrespondingSourceObject: {fileID: 0}
  m_PrefabInstance: {fileID: 0}
  m_PrefabAsset: {fileID: 0}
  m_GameObject: {fileID: 8441988853162337022}
  m_LocalRotation: {x: 0.093952745, y: -0.049226094, z: -0.018932082, w: 0.99417865}
  m_LocalPosition: {x: -0.2049793, y: 0.0946548, z: -0.22179371}
  m_LocalScale: {x: 1.0000001, y: 1.0000002, z: 1.0000001}
  m_Children: []
  m_Father: {fileID: 8441988853162177256}
  m_RootOrder: 2
  m_LocalEulerAnglesHint: {x: 10.6581, y: -5.9244, z: -2.735}
--- !u!33 &8441988853165552882
MeshFilter:
  m_ObjectHideFlags: 0
  m_CorrespondingSourceObject: {fileID: 0}
  m_PrefabInstance: {fileID: 0}
  m_PrefabAsset: {fileID: 0}
  m_GameObject: {fileID: 8441988853162337022}
  m_Mesh: {fileID: 4300004, guid: b6ca2eb98fa986849aaaafd5f9b53e59, type: 3}
--- !u!23 &8441988853164506896
MeshRenderer:
  m_ObjectHideFlags: 0
  m_CorrespondingSourceObject: {fileID: 0}
  m_PrefabInstance: {fileID: 0}
  m_PrefabAsset: {fileID: 0}
  m_GameObject: {fileID: 8441988853162337022}
  m_Enabled: 1
  m_CastShadows: 1
  m_ReceiveShadows: 1
  m_DynamicOccludee: 1
  m_MotionVectors: 1
  m_LightProbeUsage: 1
  m_ReflectionProbeUsage: 1
  m_RenderingLayerMask: 1
  m_RendererPriority: 0
  m_Materials:
  - {fileID: 2100000, guid: 6e1d7fc55d41b5643a1badfe3922da89, type: 2}
  m_StaticBatchInfo:
    firstSubMesh: 0
    subMeshCount: 0
  m_StaticBatchRoot: {fileID: 0}
  m_ProbeAnchor: {fileID: 0}
  m_LightProbeVolumeOverride: {fileID: 0}
  m_ScaleInLightmap: 1
  m_PreserveUVs: 0
  m_IgnoreNormalsForChartDetection: 0
  m_ImportantGI: 0
  m_StitchLightmapSeams: 1
  m_SelectedEditorRenderState: 3
  m_MinimumChartSize: 4
  m_AutoUVMaxDistance: 0.5
  m_AutoUVMaxAngle: 89
  m_LightmapParameters: {fileID: 0}
  m_SortingLayerID: 0
  m_SortingLayer: 0
  m_SortingOrder: 0
--- !u!1 &8441988853162337928
GameObject:
  m_ObjectHideFlags: 0
  m_CorrespondingSourceObject: {fileID: 0}
  m_PrefabInstance: {fileID: 0}
  m_PrefabAsset: {fileID: 0}
  serializedVersion: 6
  m_Component:
  - component: {fileID: 8441988853162152916}
  m_Layer: 0
  m_Name: Bip001 Spine1
  m_TagString: Untagged
  m_Icon: {fileID: 0}
  m_NavMeshLayer: 0
  m_StaticEditorFlags: 0
  m_IsActive: 1
--- !u!4 &8441988853162152916
Transform:
  m_ObjectHideFlags: 0
  m_CorrespondingSourceObject: {fileID: 0}
  m_PrefabInstance: {fileID: 0}
  m_PrefabAsset: {fileID: 0}
  m_GameObject: {fileID: 8441988853162337928}
  m_LocalRotation: {x: 0.05784803, y: 0.063726716, z: -0.0048234365, w: 0.99627775}
  m_LocalPosition: {x: -0.27265584, y: -0.00043272972, z: -0.000050008297}
  m_LocalScale: {x: 0.99999994, y: 0.99999994, z: 0.9999999}
  m_Children:
  - {fileID: 8441988853162107110}
  m_Father: {fileID: 8441988853162179430}
  m_RootOrder: 2
  m_LocalEulerAnglesHint: {x: 6.6544, y: 7.3122997, z: -0.1291}
--- !u!1 &8441988853162340346
GameObject:
  m_ObjectHideFlags: 0
  m_CorrespondingSourceObject: {fileID: 0}
  m_PrefabInstance: {fileID: 0}
  m_PrefabAsset: {fileID: 0}
  serializedVersion: 6
  m_Component:
  - component: {fileID: 8441988853162064184}
  m_Layer: 0
  m_Name: Bone003
  m_TagString: Untagged
  m_Icon: {fileID: 0}
  m_NavMeshLayer: 0
  m_StaticEditorFlags: 0
  m_IsActive: 1
--- !u!4 &8441988853162064184
Transform:
  m_ObjectHideFlags: 0
  m_CorrespondingSourceObject: {fileID: 0}
  m_PrefabInstance: {fileID: 0}
  m_PrefabAsset: {fileID: 0}
  m_GameObject: {fileID: 8441988853162340346}
  m_LocalRotation: {x: 0.002371915, y: 0.99855334, z: -0.05337146, w: 0.006093823}
  m_LocalPosition: {x: 0.08305693, y: 0.28875107, z: 0.0010920763}
  m_LocalScale: {x: 1, y: 1, z: 1}
  m_Children:
  - {fileID: 8441988853162102858}
  m_Father: {fileID: 8441988853162124246}
  m_RootOrder: 2
  m_LocalEulerAnglesHint: {x: 6.1204, y: 179.3133, z: 0.2355}
--- !u!1 &8441988853162343960
GameObject:
  m_ObjectHideFlags: 0
  m_CorrespondingSourceObject: {fileID: 0}
  m_PrefabInstance: {fileID: 0}
  m_PrefabAsset: {fileID: 0}
  serializedVersion: 6
  m_Component:
  - component: {fileID: 8441988853162168662}
  m_Layer: 0
  m_Name: Bip001 R UpperArm
  m_TagString: Untagged
  m_Icon: {fileID: 0}
  m_NavMeshLayer: 0
  m_StaticEditorFlags: 0
  m_IsActive: 1
--- !u!4 &8441988853162168662
Transform:
  m_ObjectHideFlags: 0
  m_CorrespondingSourceObject: {fileID: 0}
  m_PrefabInstance: {fileID: 0}
  m_PrefabAsset: {fileID: 0}
  m_GameObject: {fileID: 8441988853162343960}
  m_LocalRotation: {x: -0.12520961, y: 0.5536124, z: -0.11495397, w: 0.8152432}
  m_LocalPosition: {x: -0.2950789, y: -0.000000059604645, z: 0.00000011920929}
  m_LocalScale: {x: 0.9999998, y: 1, z: 1}
  m_Children:
  - {fileID: 8441988853162074026}
  m_Father: {fileID: 8441988853162081360}
  m_RootOrder: 0
  m_LocalEulerAnglesHint: {x: -4.4088, y: 69.1007, z: -19.0889}
--- !u!1 &8441988853162344108
GameObject:
  m_ObjectHideFlags: 0
  m_CorrespondingSourceObject: {fileID: 0}
  m_PrefabInstance: {fileID: 0}
  m_PrefabAsset: {fileID: 0}
  serializedVersion: 6
  m_Component:
  - component: {fileID: 8441988853162179424}
  m_Layer: 0
  m_Name: Bone005
  m_TagString: Untagged
  m_Icon: {fileID: 0}
  m_NavMeshLayer: 0
  m_StaticEditorFlags: 0
  m_IsActive: 1
--- !u!4 &8441988853162179424
Transform:
  m_ObjectHideFlags: 0
  m_CorrespondingSourceObject: {fileID: 0}
  m_PrefabInstance: {fileID: 0}
  m_PrefabAsset: {fileID: 0}
  m_GameObject: {fileID: 8441988853162344108}
  m_LocalRotation: {x: 0.75618976, y: 0.09940682, z: -0.09437768, w: 0.6398345}
  m_LocalPosition: {x: -0.1479292, y: -0.19855139, z: 0.051464796}
  m_LocalScale: {x: 1.0000002, y: 1.0000001, z: 1.0000001}
  m_Children: []
  m_Father: {fileID: 8441988853162063264}
  m_RootOrder: 1
  m_LocalEulerAnglesHint: {x: 80.5524, y: -174.5721, z: 169.6223}
--- !u!1 &8441988853162352012
GameObject:
  m_ObjectHideFlags: 0
  m_CorrespondingSourceObject: {fileID: 0}
  m_PrefabInstance: {fileID: 0}
  m_PrefabAsset: {fileID: 0}
  serializedVersion: 6
  m_Component:
  - component: {fileID: 8441988853162075616}
  m_Layer: 0
  m_Name: Bip001 L Finger01
  m_TagString: Untagged
  m_Icon: {fileID: 0}
  m_NavMeshLayer: 0
  m_StaticEditorFlags: 0
  m_IsActive: 1
--- !u!4 &8441988853162075616
Transform:
  m_ObjectHideFlags: 0
  m_CorrespondingSourceObject: {fileID: 0}
  m_PrefabInstance: {fileID: 0}
  m_PrefabAsset: {fileID: 0}
  m_GameObject: {fileID: 8441988853162352012}
  m_LocalRotation: {x: 0.2796009, y: 0.10300631, z: -0.32201475, w: 0.8986209}
  m_LocalPosition: {x: -0.15268391, y: -0.00000011920929, z: 0.00000011920929}
  m_LocalScale: {x: 1.0000001, y: 1.0000002, z: 1}
  m_Children:
  - {fileID: 8441988853162060790}
  m_Father: {fileID: 8441988853162065548}
  m_RootOrder: 0
  m_LocalEulerAnglesHint: {x: 34.67, y: 0.3522, z: -39.3197}
--- !u!1 &8441988853162354096
GameObject:
  m_ObjectHideFlags: 0
  m_CorrespondingSourceObject: {fileID: 0}
  m_PrefabInstance: {fileID: 0}
  m_PrefabAsset: {fileID: 0}
  serializedVersion: 6
  m_Component:
  - component: {fileID: 8441988853162160666}
  - component: {fileID: 8441988853159399670}
  m_Layer: 0
  m_Name: 02
  m_TagString: Untagged
  m_Icon: {fileID: 0}
  m_NavMeshLayer: 0
  m_StaticEditorFlags: 0
  m_IsActive: 1
--- !u!4 &8441988853162160666
Transform:
  m_ObjectHideFlags: 0
  m_CorrespondingSourceObject: {fileID: 0}
  m_PrefabInstance: {fileID: 0}
  m_PrefabAsset: {fileID: 0}
  m_GameObject: {fileID: 8441988853162354096}
  m_LocalRotation: {x: -0.7071068, y: 0, z: -0, w: 0.7071068}
  m_LocalPosition: {x: 0, y: 0, z: 0}
  m_LocalScale: {x: 1, y: 1, z: 1}
  m_Children: []
  m_Father: {fileID: 8441988853162067714}
  m_RootOrder: 1
  m_LocalEulerAnglesHint: {x: -90, y: 0, z: 0}
--- !u!137 &8441988853159399670
SkinnedMeshRenderer:
  m_ObjectHideFlags: 0
  m_CorrespondingSourceObject: {fileID: 0}
  m_PrefabInstance: {fileID: 0}
  m_PrefabAsset: {fileID: 0}
  m_GameObject: {fileID: 8441988853162354096}
  m_Enabled: 1
  m_CastShadows: 1
  m_ReceiveShadows: 1
  m_DynamicOccludee: 1
  m_MotionVectors: 1
  m_LightProbeUsage: 1
  m_ReflectionProbeUsage: 1
  m_RenderingLayerMask: 1
  m_RendererPriority: 0
  m_Materials:
  - {fileID: 2100000, guid: 6e1d7fc55d41b5643a1badfe3922da89, type: 2}
  m_StaticBatchInfo:
    firstSubMesh: 0
    subMeshCount: 0
  m_StaticBatchRoot: {fileID: 0}
  m_ProbeAnchor: {fileID: 0}
  m_LightProbeVolumeOverride: {fileID: 0}
  m_ScaleInLightmap: 1
  m_PreserveUVs: 0
  m_IgnoreNormalsForChartDetection: 0
  m_ImportantGI: 0
  m_StitchLightmapSeams: 1
  m_SelectedEditorRenderState: 3
  m_MinimumChartSize: 4
  m_AutoUVMaxDistance: 0.5
  m_AutoUVMaxAngle: 89
  m_LightmapParameters: {fileID: 0}
  m_SortingLayerID: 0
  m_SortingLayer: 0
  m_SortingOrder: 0
  serializedVersion: 2
  m_Quality: 0
  m_UpdateWhenOffscreen: 0
  m_SkinnedMotionVectors: 1
  m_Mesh: {fileID: 4300000, guid: b6ca2eb98fa986849aaaafd5f9b53e59, type: 3}
  m_Bones:
  - {fileID: 8441988853162081360}
  - {fileID: 8441988853162179424}
  m_BlendShapeWeights: []
  m_RootBone: {fileID: 8441988853162179424}
  m_AABB:
    m_Center: {x: 0.20197818, y: 0.16588762, z: -0.1579413}
    m_Extent: {x: 0.73356366, y: 0.4910228, z: 0.43339247}
  m_DirtyAABB: 0
--- !u!1 &8441988853162354882
GameObject:
  m_ObjectHideFlags: 0
  m_CorrespondingSourceObject: {fileID: 0}
  m_PrefabInstance: {fileID: 0}
  m_PrefabAsset: {fileID: 0}
  serializedVersion: 6
  m_Component:
  - component: {fileID: 8441988853162176792}
  m_Layer: 0
  m_Name: Bip001 L UpperArm
  m_TagString: Untagged
  m_Icon: {fileID: 0}
  m_NavMeshLayer: 0
  m_StaticEditorFlags: 0
  m_IsActive: 1
--- !u!4 &8441988853162176792
Transform:
  m_ObjectHideFlags: 0
  m_CorrespondingSourceObject: {fileID: 0}
  m_PrefabInstance: {fileID: 0}
  m_PrefabAsset: {fileID: 0}
  m_GameObject: {fileID: 8441988853162354882}
  m_LocalRotation: {x: -0.1397216, y: -0.42594022, z: 0.008562586, w: 0.8938566}
  m_LocalPosition: {x: -0.2950787, y: 0, z: 0}
  m_LocalScale: {x: 1, y: 1, z: 1.0000001}
  m_Children:
  - {fileID: 8441988853162179032}
  m_Father: {fileID: 8441988853162063264}
  m_RootOrder: 0
  m_LocalEulerAnglesHint: {x: -14.0334, y: -51.9386, z: 7.9591}
--- !u!1 &8441988853162357392
GameObject:
  m_ObjectHideFlags: 0
  m_CorrespondingSourceObject: {fileID: 0}
  m_PrefabInstance: {fileID: 0}
  m_PrefabAsset: {fileID: 0}
  serializedVersion: 6
  m_Component:
  - component: {fileID: 8441988853162074026}
  m_Layer: 0
  m_Name: Bip001 R Forearm
  m_TagString: Untagged
  m_Icon: {fileID: 0}
  m_NavMeshLayer: 0
  m_StaticEditorFlags: 0
  m_IsActive: 1
--- !u!4 &8441988853162074026
Transform:
  m_ObjectHideFlags: 0
  m_CorrespondingSourceObject: {fileID: 0}
  m_PrefabInstance: {fileID: 0}
  m_PrefabAsset: {fileID: 0}
  m_GameObject: {fileID: 8441988853162357392}
  m_LocalRotation: {x: 0.000000023629426, y: -0.0000000032618137, z: 0.5120481, w: 0.85895675}
  m_LocalPosition: {x: -0.3718071, y: 0.00000011920929, z: 0}
  m_LocalScale: {x: 1.0000001, y: 1.0000001, z: 0.99999994}
  m_Children:
  - {fileID: 8441988853162177256}
  m_Father: {fileID: 8441988853162168662}
  m_RootOrder: 0
  m_LocalEulerAnglesHint: {x: 0, y: 0, z: 61.600697}
--- !u!1 &8441988853162360424
GameObject:
  m_ObjectHideFlags: 0
  m_CorrespondingSourceObject: {fileID: 0}
  m_PrefabInstance: {fileID: 0}
  m_PrefabAsset: {fileID: 0}
  serializedVersion: 6
  m_Component:
  - component: {fileID: 8441988853162068816}
  m_Layer: 0
  m_Name: Bip001 L Toe0
  m_TagString: Untagged
  m_Icon: {fileID: 0}
  m_NavMeshLayer: 0
  m_StaticEditorFlags: 0
  m_IsActive: 1
--- !u!4 &8441988853162068816
Transform:
  m_ObjectHideFlags: 0
  m_CorrespondingSourceObject: {fileID: 0}
  m_PrefabInstance: {fileID: 0}
  m_PrefabAsset: {fileID: 0}
  m_GameObject: {fileID: 8441988853162360424}
  m_LocalRotation: {x: 0.0027872273, y: 0.002787548, z: -0.70710135, w: 0.7071012}
  m_LocalPosition: {x: -0.28957877, y: 0.29470116, z: 0.00000011920929}
  m_LocalScale: {x: 1, y: 1.0000001, z: 1.0000001}
  m_Children:
  - {fileID: 8441988853162127282}
  m_Father: {fileID: 8441988853162175560}
  m_RootOrder: 0
  m_LocalEulerAnglesHint: {x: 0.4517, y: 0, z: -90}
--- !u!1 &8441988853162360986
GameObject:
  m_ObjectHideFlags: 0
  m_CorrespondingSourceObject: {fileID: 0}
  m_PrefabInstance: {fileID: 0}
  m_PrefabAsset: {fileID: 0}
  serializedVersion: 6
  m_Component:
  - component: {fileID: 8441988853162107110}
  m_Layer: 0
  m_Name: Bip001 Neck
  m_TagString: Untagged
  m_Icon: {fileID: 0}
  m_NavMeshLayer: 0
  m_StaticEditorFlags: 0
  m_IsActive: 1
--- !u!4 &8441988853162107110
Transform:
  m_ObjectHideFlags: 0
  m_CorrespondingSourceObject: {fileID: 0}
  m_PrefabInstance: {fileID: 0}
  m_PrefabAsset: {fileID: 0}
  m_GameObject: {fileID: 8441988853162360986}
  m_LocalRotation: {x: 0.00017803836, y: -0.000054613723, z: -0.2529996, w: 0.96746635}
  m_LocalPosition: {x: -0.37223458, y: -0.00042384863, z: 0.000000059604645}
  m_LocalScale: {x: 0.99999976, y: 0.9999999, z: 0.99999994}
  m_Children:
  - {fileID: 8441988853162170510}
  - {fileID: 8441988853162063264}
  - {fileID: 8441988853162081360}
  m_Father: {fileID: 8441988853162152916}
  m_RootOrder: 0
  m_LocalEulerAnglesHint: {x: 0.018199999, y: -0.0112, z: -29.3102}
--- !u!1 &8441988853162361360
GameObject:
  m_ObjectHideFlags: 0
  m_CorrespondingSourceObject: {fileID: 0}
  m_PrefabInstance: {fileID: 0}
  m_PrefabAsset: {fileID: 0}
  serializedVersion: 6
  m_Component:
  - component: {fileID: 8441988853162074512}
  - component: {fileID: 8441988853159390030}
  m_Layer: 0
  m_Name: 01
  m_TagString: Untagged
  m_Icon: {fileID: 0}
  m_NavMeshLayer: 0
  m_StaticEditorFlags: 0
  m_IsActive: 1
--- !u!4 &8441988853162074512
Transform:
  m_ObjectHideFlags: 0
  m_CorrespondingSourceObject: {fileID: 0}
  m_PrefabInstance: {fileID: 0}
  m_PrefabAsset: {fileID: 0}
  m_GameObject: {fileID: 8441988853162361360}
  m_LocalRotation: {x: -0.7071068, y: 0, z: -0, w: 0.7071068}
  m_LocalPosition: {x: 0, y: 0, z: 0}
  m_LocalScale: {x: 1, y: 1, z: 1}
  m_Children: []
  m_Father: {fileID: 8441988853162067714}
  m_RootOrder: 0
  m_LocalEulerAnglesHint: {x: -90, y: 0, z: 0}
--- !u!137 &8441988853159390030
SkinnedMeshRenderer:
  m_ObjectHideFlags: 0
  m_CorrespondingSourceObject: {fileID: 0}
  m_PrefabInstance: {fileID: 0}
  m_PrefabAsset: {fileID: 0}
  m_GameObject: {fileID: 8441988853162361360}
  m_Enabled: 1
  m_CastShadows: 1
  m_ReceiveShadows: 1
  m_DynamicOccludee: 1
  m_MotionVectors: 1
  m_LightProbeUsage: 1
  m_ReflectionProbeUsage: 1
  m_RenderingLayerMask: 1
  m_RendererPriority: 0
  m_Materials:
  - {fileID: 2100000, guid: 6e1d7fc55d41b5643a1badfe3922da89, type: 2}
  m_StaticBatchInfo:
    firstSubMesh: 0
    subMeshCount: 0
  m_StaticBatchRoot: {fileID: 0}
  m_ProbeAnchor: {fileID: 0}
  m_LightProbeVolumeOverride: {fileID: 0}
  m_ScaleInLightmap: 1
  m_PreserveUVs: 0
  m_IgnoreNormalsForChartDetection: 0
  m_ImportantGI: 0
  m_StitchLightmapSeams: 1
  m_SelectedEditorRenderState: 3
  m_MinimumChartSize: 4
  m_AutoUVMaxDistance: 0.5
  m_AutoUVMaxAngle: 89
  m_LightmapParameters: {fileID: 0}
  m_SortingLayerID: 0
  m_SortingLayer: 0
  m_SortingOrder: 0
  serializedVersion: 2
  m_Quality: 0
  m_UpdateWhenOffscreen: 0
  m_SkinnedMotionVectors: 1
  m_Mesh: {fileID: 4300002, guid: b6ca2eb98fa986849aaaafd5f9b53e59, type: 3}
  m_Bones:
  - {fileID: 8441988853162154096}
  - {fileID: 8441988853162065548}
  - {fileID: 8441988853162075616}
  - {fileID: 8441988853162073726}
  - {fileID: 8441988853162103126}
  - {fileID: 8441988853162177256}
  - {fileID: 8441988853162150772}
  - {fileID: 8441988853162110318}
  - {fileID: 8441988853162068734}
  - {fileID: 8441988853162084476}
  - {fileID: 8441988853162074026}
  - {fileID: 8441988853162124246}
  - {fileID: 8441988853162177598}
  - {fileID: 8441988853162179524}
  - {fileID: 8441988853162060338}
  - {fileID: 8441988853162175560}
  - {fileID: 8441988853162079388}
  - {fileID: 8441988853162068816}
  - {fileID: 8441988853162100676}
  - {fileID: 8441988853162102522}
  - {fileID: 8441988853162066300}
  - {fileID: 8441988853162170510}
  - {fileID: 8441988853162152916}
  - {fileID: 8441988853162179032}
  - {fileID: 8441988853162064184}
  - {fileID: 8441988853162179430}
  - {fileID: 8441988853162102858}
  - {fileID: 8441988853162072450}
  - {fileID: 8441988853162063264}
  - {fileID: 8441988853162176792}
  - {fileID: 8441988853162081360}
  - {fileID: 8441988853162168662}
  m_BlendShapeWeights: []
  m_RootBone: {fileID: 8441988853162124246}
  m_AABB:
    m_Center: {x: -0.3044557, y: 0.32872915, z: 0.03264439}
    m_Extent: {x: 1.2822573, y: 0.88404274, z: 1.2021977}
  m_DirtyAABB: 0
--- !u!1 &8441988853162362768
GameObject:
  m_ObjectHideFlags: 0
  m_CorrespondingSourceObject: {fileID: 0}
  m_PrefabInstance: {fileID: 0}
  m_PrefabAsset: {fileID: 0}
  serializedVersion: 6
  m_Component:
  - component: {fileID: 8441988853162066300}
  m_Layer: 0
  m_Name: Bip001 R Toe0
  m_TagString: Untagged
  m_Icon: {fileID: 0}
  m_NavMeshLayer: 0
  m_StaticEditorFlags: 0
  m_IsActive: 1
--- !u!4 &8441988853162066300
Transform:
  m_ObjectHideFlags: 0
  m_CorrespondingSourceObject: {fileID: 0}
  m_PrefabInstance: {fileID: 0}
  m_PrefabAsset: {fileID: 0}
  m_GameObject: {fileID: 8441988853162362768}
  m_LocalRotation: {x: 0.008743981, y: 0.008743918, z: -0.70705277, w: 0.70705277}
  m_LocalPosition: {x: -0.28957877, y: 0.3105961, z: 0.000000059604645}
  m_LocalScale: {x: 1, y: 1, z: 1}
  m_Children:
  - {fileID: 8441988853162114496}
  m_Father: {fileID: 8441988853162102522}
  m_RootOrder: 0
  m_LocalEulerAnglesHint: {x: 1.4171, y: 0, z: -90}
--- !u!1 &8441988853162366678
GameObject:
  m_ObjectHideFlags: 0
  m_CorrespondingSourceObject: {fileID: 0}
  m_PrefabInstance: {fileID: 0}
  m_PrefabAsset: {fileID: 0}
  serializedVersion: 6
  m_Component:
  - component: {fileID: 8441988853162073726}
  m_Layer: 0
  m_Name: Bip001 L Finger1
  m_TagString: Untagged
  m_Icon: {fileID: 0}
  m_NavMeshLayer: 0
  m_StaticEditorFlags: 0
  m_IsActive: 1
--- !u!4 &8441988853162073726
Transform:
  m_ObjectHideFlags: 0
  m_CorrespondingSourceObject: {fileID: 0}
  m_PrefabInstance: {fileID: 0}
  m_PrefabAsset: {fileID: 0}
  m_GameObject: {fileID: 8441988853162366678}
  m_LocalRotation: {x: 0.049569253, y: -0.04899933, z: -0.13528806, w: 0.9883517}
  m_LocalPosition: {x: -0.29638392, y: -0.014818847, z: -0.0015386939}
  m_LocalScale: {x: 0.99999994, y: 1, z: 1}
  m_Children:
  - {fileID: 8441988853162103126}
  m_Father: {fileID: 8441988853162154096}
  m_RootOrder: 1
  m_LocalEulerAnglesHint: {x: 4.8602, y: -6.3538, z: -15.8586}
--- !u!1 &8441988853162367020
GameObject:
  m_ObjectHideFlags: 0
  m_CorrespondingSourceObject: {fileID: 0}
  m_PrefabInstance: {fileID: 0}
  m_PrefabAsset: {fileID: 0}
  serializedVersion: 6
  m_Component:
  - component: {fileID: 8441988853162068734}
  m_Layer: 0
  m_Name: Bip001 R Finger11
  m_TagString: Untagged
  m_Icon: {fileID: 0}
  m_NavMeshLayer: 0
  m_StaticEditorFlags: 0
  m_IsActive: 1
--- !u!4 &8441988853162068734
Transform:
  m_ObjectHideFlags: 0
  m_CorrespondingSourceObject: {fileID: 0}
  m_PrefabInstance: {fileID: 0}
  m_PrefabAsset: {fileID: 0}
  m_GameObject: {fileID: 8441988853162367020}
  m_LocalRotation: {x: -0.093482845, y: -0.086889, z: -0.5901444, w: 0.7971454}
  m_LocalPosition: {x: -0.12298381, y: 0, z: -0.000000029802322}
  m_LocalScale: {x: 1.0000001, y: 0.99999994, z: 1}
  m_Children:
  - {fileID: 8441988853162175478}
  m_Father: {fileID: 8441988853162084476}
  m_RootOrder: 0
  m_LocalEulerAnglesHint: {x: -14.571799, y: -1.6690999, z: -72.8133}
--- !u!1 &8441988853162367850
GameObject:
  m_ObjectHideFlags: 0
  m_CorrespondingSourceObject: {fileID: 0}
  m_PrefabInstance: {fileID: 0}
  m_PrefabAsset: {fileID: 0}
  serializedVersion: 6
  m_Component:
  - component: {fileID: 8441988853162179430}
  m_Layer: 0
  m_Name: Bip001 Spine
  m_TagString: Untagged
  m_Icon: {fileID: 0}
  m_NavMeshLayer: 0
  m_StaticEditorFlags: 0
  m_IsActive: 1
--- !u!4 &8441988853162179430
Transform:
  m_ObjectHideFlags: 0
  m_CorrespondingSourceObject: {fileID: 0}
  m_PrefabInstance: {fileID: 0}
  m_PrefabAsset: {fileID: 0}
  m_GameObject: {fileID: 8441988853162367850}
  m_LocalRotation: {x: -0.015771393, y: 0.050608616, z: -0.3007571, w: 0.95222646}
  m_LocalPosition: {x: -0.18881321, y: 0.08159533, z: 0.000013120472}
  m_LocalScale: {x: 1, y: 1, z: 1}
  m_Children:
  - {fileID: 8441988853162177598}
  - {fileID: 8441988853162179524}
  - {fileID: 8441988853162152916}
  m_Father: {fileID: 8441988853162124246}
  m_RootOrder: 0
  m_LocalEulerAnglesHint: {x: 0.0233, y: 6.0772, z: -35.055798}
--- !u!1 &8441988853162368178
GameObject:
  m_ObjectHideFlags: 0
  m_CorrespondingSourceObject: {fileID: 0}
  m_PrefabInstance: {fileID: 0}
  m_PrefabAsset: {fileID: 0}
  serializedVersion: 6
  m_Component:
  - component: {fileID: 8441988853162065548}
  m_Layer: 0
  m_Name: Bip001 L Finger0
  m_TagString: Untagged
  m_Icon: {fileID: 0}
  m_NavMeshLayer: 0
  m_StaticEditorFlags: 0
  m_IsActive: 1
--- !u!4 &8441988853162065548
Transform:
  m_ObjectHideFlags: 0
  m_CorrespondingSourceObject: {fileID: 0}
  m_PrefabInstance: {fileID: 0}
  m_PrefabAsset: {fileID: 0}
  m_GameObject: {fileID: 8441988853162368178}
  m_LocalRotation: {x: 0.51349014, y: -0.2620512, z: -0.06678972, w: 0.81436867}
  m_LocalPosition: {x: -0.1186558, y: 0.026091456, z: -0.13582543}
  m_LocalScale: {x: 1, y: 1, z: 0.99999994}
  m_Children:
  - {fileID: 8441988853162075616}
  m_Father: {fileID: 8441988853162154096}
  m_RootOrder: 0
  m_LocalEulerAnglesHint: {x: 53.2579, y: -55.907898, z: -39.1772}
--- !u!1 &8441988853162368568
GameObject:
  m_ObjectHideFlags: 0
  m_CorrespondingSourceObject: {fileID: 0}
  m_PrefabInstance: {fileID: 0}
  m_PrefabAsset: {fileID: 0}
  serializedVersion: 6
  m_Component:
  - component: {fileID: 8441988853162084476}
  m_Layer: 0
  m_Name: Bip001 R Finger1
  m_TagString: Untagged
  m_Icon: {fileID: 0}
  m_NavMeshLayer: 0
  m_StaticEditorFlags: 0
  m_IsActive: 1
--- !u!4 &8441988853162084476
Transform:
  m_ObjectHideFlags: 0
  m_CorrespondingSourceObject: {fileID: 0}
  m_PrefabInstance: {fileID: 0}
  m_PrefabAsset: {fileID: 0}
  m_GameObject: {fileID: 8441988853162368568}
  m_LocalRotation: {x: 0.084655136, y: 0.037588984, z: -0.3752481, w: 0.92228496}
  m_LocalPosition: {x: -0.29638386, y: -0.014818966, z: 0.0015388131}
  m_LocalScale: {x: 0.9999999, y: 1, z: 1}
  m_Children:
  - {fileID: 8441988853162068734}
  m_Father: {fileID: 8441988853162177256}
  m_RootOrder: 1
  m_LocalEulerAnglesHint: {x: 10.624, y: 0.3382, z: -44.2482}
--- !u!1 &8441988853162376856
GameObject:
  m_ObjectHideFlags: 0
  m_CorrespondingSourceObject: {fileID: 0}
  m_PrefabInstance: {fileID: 0}
  m_PrefabAsset: {fileID: 0}
  serializedVersion: 6
  m_Component:
  - component: {fileID: 8441988853162102858}
  m_Layer: 0
  m_Name: Bone004
  m_TagString: Untagged
  m_Icon: {fileID: 0}
  m_NavMeshLayer: 0
  m_StaticEditorFlags: 0
  m_IsActive: 1
--- !u!4 &8441988853162102858
Transform:
  m_ObjectHideFlags: 0
  m_CorrespondingSourceObject: {fileID: 0}
  m_PrefabInstance: {fileID: 0}
  m_PrefabAsset: {fileID: 0}
  m_GameObject: {fileID: 8441988853162376856}
  m_LocalRotation: {x: -0.0000014407024, y: 0.00000010470864, z: 0.093124695, w: 0.99565446}
  m_LocalPosition: {x: -0.3412762, y: -0.000000029802322, z: 0.000000024214387}
  m_LocalScale: {x: 1, y: 1, z: 1}
  m_Children: []
  m_Father: {fileID: 8441988853162064184}
  m_RootOrder: 0
  m_LocalEulerAnglesHint: {x: -0.0002, y: 0, z: 10.6868}
--- !u!1 &8441988853162376910
GameObject:
  m_ObjectHideFlags: 0
  m_CorrespondingSourceObject: {fileID: 0}
  m_PrefabInstance: {fileID: 0}
  m_PrefabAsset: {fileID: 0}
  serializedVersion: 6
  m_Component:
  - component: {fileID: 8441988853162067714}
  - component: {fileID: 8441988853155203844}
  - component: {fileID: -1179330440179402838}
  - component: {fileID: -7081273009340571058}
  - component: {fileID: 3366665397625623668}
  m_Layer: 0
  m_Name: Cyclop
  m_TagString: enemy
  m_Icon: {fileID: 0}
  m_NavMeshLayer: 0
  m_StaticEditorFlags: 0
  m_IsActive: 1
--- !u!4 &8441988853162067714
Transform:
  m_ObjectHideFlags: 0
  m_CorrespondingSourceObject: {fileID: 0}
  m_PrefabInstance: {fileID: 0}
  m_PrefabAsset: {fileID: 0}
  m_GameObject: {fileID: 8441988853162376910}
  m_LocalRotation: {x: 0, y: 0, z: 0, w: 1}
  m_LocalPosition: {x: 4.59, y: 0, z: 0}
  m_LocalScale: {x: 2, y: 2, z: 2}
  m_Children:
  - {fileID: 8441988853162074512}
  - {fileID: 8441988853162160666}
  - {fileID: 8441988853162051636}
  m_Father: {fileID: 0}
  m_RootOrder: 0
  m_LocalEulerAnglesHint: {x: 0, y: 0, z: 0}
--- !u!95 &8441988853155203844
Animator:
  serializedVersion: 3
  m_ObjectHideFlags: 0
  m_CorrespondingSourceObject: {fileID: 0}
  m_PrefabInstance: {fileID: 0}
  m_PrefabAsset: {fileID: 0}
  m_GameObject: {fileID: 8441988853162376910}
  m_Enabled: 1
  m_Avatar: {fileID: 9000000, guid: b6ca2eb98fa986849aaaafd5f9b53e59, type: 3}
  m_Controller: {fileID: 9100000, guid: 9743c4b9570fb054eb8adcb05dec5469, type: 2}
  m_CullingMode: 1
  m_UpdateMode: 0
  m_ApplyRootMotion: 0
  m_LinearVelocityBlending: 0
  m_WarningMessage: 
  m_HasTransformHierarchy: 1
  m_AllowConstantClipSamplingOptimization: 1
  m_KeepAnimatorControllerStateOnDisable: 0
--- !u!195 &-1179330440179402838
NavMeshAgent:
  m_ObjectHideFlags: 0
  m_CorrespondingSourceObject: {fileID: 0}
  m_PrefabInstance: {fileID: 0}
  m_PrefabAsset: {fileID: 0}
  m_GameObject: {fileID: 8441988853162376910}
  m_Enabled: 1
  m_AgentTypeID: 0
  m_Radius: 0.5
  m_Speed: 3.5
  m_Acceleration: 8
  avoidancePriority: 50
  m_AngularSpeed: 120
  m_StoppingDistance: 0
  m_AutoTraverseOffMeshLink: 1
  m_AutoBraking: 1
  m_AutoRepath: 1
  m_Height: 2
  m_BaseOffset: 0
  m_WalkableMask: 4294967295
  m_ObstacleAvoidanceType: 4
--- !u!65 &-7081273009340571058
BoxCollider:
  m_ObjectHideFlags: 0
  m_CorrespondingSourceObject: {fileID: 0}
  m_PrefabInstance: {fileID: 0}
  m_PrefabAsset: {fileID: 0}
  m_GameObject: {fileID: 8441988853162376910}
  m_Material: {fileID: 0}
  m_IsTrigger: 0
  m_Enabled: 1
  serializedVersion: 2
  m_Size: {x: 1, y: 2.1448967, z: 1}
  m_Center: {x: 0, y: 0.8, z: 0}
--- !u!114 &3366665397625623668
MonoBehaviour:
  m_ObjectHideFlags: 0
  m_CorrespondingSourceObject: {fileID: 0}
  m_PrefabInstance: {fileID: 0}
  m_PrefabAsset: {fileID: 0}
  m_GameObject: {fileID: 8441988853162376910}
  m_Enabled: 1
  m_EditorHideFlags: 0
  m_Script: {fileID: 11500000, guid: f9c5107cfc46ce948ad8755078977454, type: 3}
  m_Name: 
  m_EditorClassIdentifier: 
  detectionRange: 30
  attackRange: 5
  damage: 2
  _player: {fileID: 0}
  life: 5
  idleAnimationName: Idle
  hitAnimationName: Get Hit
--- !u!1 &8441988853162419726
GameObject:
  m_ObjectHideFlags: 0
  m_CorrespondingSourceObject: {fileID: 0}
  m_PrefabInstance: {fileID: 0}
  m_PrefabAsset: {fileID: 0}
  serializedVersion: 6
  m_Component:
  - component: {fileID: 8441988853162102522}
  m_Layer: 0
  m_Name: Bip001 R Foot
  m_TagString: Untagged
  m_Icon: {fileID: 0}
  m_NavMeshLayer: 0
  m_StaticEditorFlags: 0
  m_IsActive: 1
--- !u!4 &8441988853162102522
Transform:
  m_ObjectHideFlags: 0
  m_CorrespondingSourceObject: {fileID: 0}
  m_PrefabInstance: {fileID: 0}
  m_PrefabAsset: {fileID: 0}
  m_GameObject: {fileID: 8441988853162419726}
  m_LocalRotation: {x: -0.023017652, y: -0.19129129, z: -0.14049926, w: 0.97115284}
  m_LocalPosition: {x: -0.3922072, y: 0.000000044703484, z: 0}
  m_LocalScale: {x: 0.9999999, y: 0.9999999, z: 0.9999998}
  m_Children:
  - {fileID: 8441988853162066300}
  m_Father: {fileID: 8441988853162100676}
  m_RootOrder: 0
  m_LocalEulerAnglesHint: {x: -5.6505, y: -21.5222, z: -15.389299}
--- !u!1 &8441988853162419960
GameObject:
  m_ObjectHideFlags: 0
  m_CorrespondingSourceObject: {fileID: 0}
  m_PrefabInstance: {fileID: 0}
  m_PrefabAsset: {fileID: 0}
  serializedVersion: 6
  m_Component:
  - component: {fileID: 8441988853162177256}
  m_Layer: 0
  m_Name: Bip001 R Hand
  m_TagString: Untagged
  m_Icon: {fileID: 0}
  m_NavMeshLayer: 0
  m_StaticEditorFlags: 0
  m_IsActive: 1
--- !u!4 &8441988853162177256
Transform:
  m_ObjectHideFlags: 0
  m_CorrespondingSourceObject: {fileID: 0}
  m_PrefabInstance: {fileID: 0}
  m_PrefabAsset: {fileID: 0}
  m_GameObject: {fileID: 8441988853162419960}
  m_LocalRotation: {x: 0.739726, y: -0.110887624, z: -0.26384535, w: 0.60901153}
  m_LocalPosition: {x: -0.34622818, y: -0.000000059604645, z: -0.00000011920929}
  m_LocalScale: {x: 1, y: 1, z: 1.0000001}
  m_Children:
  - {fileID: 8441988853162150772}
  - {fileID: 8441988853162084476}
  - {fileID: 8441988853162173830}
  m_Father: {fileID: 8441988853162074026}
  m_RootOrder: 0
  m_LocalEulerAnglesHint: {x: 57.4039, y: -102.7596, z: -115.6999}
--- !u!1 &8441988853162421648
GameObject:
  m_ObjectHideFlags: 0
  m_CorrespondingSourceObject: {fileID: 0}
  m_PrefabInstance: {fileID: 0}
  m_PrefabAsset: {fileID: 0}
  serializedVersion: 6
  m_Component:
  - component: {fileID: 8441988853162175478}
  m_Layer: 0
  m_Name: Bip001 R Finger1Nub
  m_TagString: Untagged
  m_Icon: {fileID: 0}
  m_NavMeshLayer: 0
  m_StaticEditorFlags: 0
  m_IsActive: 1
--- !u!4 &8441988853162175478
Transform:
  m_ObjectHideFlags: 0
  m_CorrespondingSourceObject: {fileID: 0}
  m_PrefabInstance: {fileID: 0}
  m_PrefabAsset: {fileID: 0}
  m_GameObject: {fileID: 8441988853162421648}
  m_LocalRotation: {x: -0.000000005587936, y: 3.4216238e-25, z: 1, w: 6.123234e-17}
  m_LocalPosition: {x: -0.12298381, y: 0, z: -0.000000029802322}
  m_LocalScale: {x: -0.99999994, y: -0.99999994, z: -0.9999999}
  m_Children: []
  m_Father: {fileID: 8441988853162068734}
  m_RootOrder: 0
  m_LocalEulerAnglesHint: {x: 0, y: 0, z: -180}
--- !u!1 &8441988853162510230
GameObject:
  m_ObjectHideFlags: 0
  m_CorrespondingSourceObject: {fileID: 0}
  m_PrefabInstance: {fileID: 0}
  m_PrefabAsset: {fileID: 0}
  serializedVersion: 6
  m_Component:
  - component: {fileID: 8441988853162099494}
  m_Layer: 0
  m_Name: Bip001 HeadNub
  m_TagString: Untagged
  m_Icon: {fileID: 0}
  m_NavMeshLayer: 0
  m_StaticEditorFlags: 0
  m_IsActive: 1
--- !u!4 &8441988853162099494
Transform:
  m_ObjectHideFlags: 0
  m_CorrespondingSourceObject: {fileID: 0}
  m_PrefabInstance: {fileID: 0}
  m_PrefabAsset: {fileID: 0}
  m_GameObject: {fileID: 8441988853162510230}
  m_LocalRotation: {x: -0.0000000032596292, y: -9.313227e-10, z: -3.0357667e-18, w: 1}
  m_LocalPosition: {x: -0.29362965, y: 0.00000014901161, z: -0.000000037252903}
  m_LocalScale: {x: 0.9999999, y: 0.99999994, z: 1}
  m_Children: []
  m_Father: {fileID: 8441988853162170510}
  m_RootOrder: 0
  m_LocalEulerAnglesHint: {x: 0, y: 0, z: 0}
--- !u!1 &8441988853162510956
GameObject:
  m_ObjectHideFlags: 0
  m_CorrespondingSourceObject: {fileID: 0}
  m_PrefabInstance: {fileID: 0}
  m_PrefabAsset: {fileID: 0}
  serializedVersion: 6
  m_Component:
  - component: {fileID: 8441988853162060790}
  m_Layer: 0
  m_Name: Bip001 L Finger0Nub
  m_TagString: Untagged
  m_Icon: {fileID: 0}
  m_NavMeshLayer: 0
  m_StaticEditorFlags: 0
  m_IsActive: 1
--- !u!4 &8441988853162060790
Transform:
  m_ObjectHideFlags: 0
  m_CorrespondingSourceObject: {fileID: 0}
  m_PrefabInstance: {fileID: 0}
  m_PrefabAsset: {fileID: 0}
  m_GameObject: {fileID: 8441988853162510956}
  m_LocalRotation: {x: -0.000000009080394, y: 0.000000007450581, z: -0.000000001862645,
    w: 1}
  m_LocalPosition: {x: -0.15268403, y: -0.00000008940697, z: -0.00000011920929}
  m_LocalScale: {x: 1, y: 1.0000001, z: 1}
  m_Children: []
  m_Father: {fileID: 8441988853162075616}
  m_RootOrder: 0
  m_LocalEulerAnglesHint: {x: 0, y: 0, z: 0}
--- !u!1 &8441988853162513072
GameObject:
  m_ObjectHideFlags: 0
  m_CorrespondingSourceObject: {fileID: 0}
  m_PrefabInstance: {fileID: 0}
  m_PrefabAsset: {fileID: 0}
  serializedVersion: 6
  m_Component:
  - component: {fileID: 8441988853162157012}
  m_Layer: 0
  m_Name: Bip001 Footsteps
  m_TagString: Untagged
  m_Icon: {fileID: 0}
  m_NavMeshLayer: 0
  m_StaticEditorFlags: 0
  m_IsActive: 1
--- !u!4 &8441988853162157012
Transform:
  m_ObjectHideFlags: 0
  m_CorrespondingSourceObject: {fileID: 0}
  m_PrefabInstance: {fileID: 0}
  m_PrefabAsset: {fileID: 0}
  m_GameObject: {fileID: 8441988853162513072}
  m_LocalRotation: {x: 0.09731314, y: -0.06583014, z: -0.8225443, w: 0.5564328}
  m_LocalPosition: {x: 0.20431195, y: 0.000000029802322, z: -0.85139287}
  m_LocalScale: {x: 1, y: 0.9999999, z: 0.99999994}
  m_Children: []
  m_Father: {fileID: 8441988853162051636}
  m_RootOrder: 0
  m_LocalEulerAnglesHint: {x: 0, y: -13.4943, z: -111.8451}
--- !u!1 &8441988853162514284
GameObject:
  m_ObjectHideFlags: 0
  m_CorrespondingSourceObject: {fileID: 0}
  m_PrefabInstance: {fileID: 0}
  m_PrefabAsset: {fileID: 0}
  serializedVersion: 6
  m_Component:
  - component: {fileID: 8441988853162170510}
  m_Layer: 0
  m_Name: Bip001 Head
  m_TagString: Untagged
  m_Icon: {fileID: 0}
  m_NavMeshLayer: 0
  m_StaticEditorFlags: 0
  m_IsActive: 1
--- !u!4 &8441988853162170510
Transform:
  m_ObjectHideFlags: 0
  m_CorrespondingSourceObject: {fileID: 0}
  m_PrefabInstance: {fileID: 0}
  m_PrefabAsset: {fileID: 0}
  m_GameObject: {fileID: 8441988853162514284}
  m_LocalRotation: {x: 0.10735853, y: -0.014493929, z: 0.26514506, w: 0.9581034}
  m_LocalPosition: {x: -0.07864869, y: 0, z: 0.00000008940697}
  m_LocalScale: {x: 1.0000001, y: 1, z: 1.0000001}
  m_Children:
  - {fileID: 8441988853162099494}
  m_Father: {fileID: 8441988853162107110}
  m_RootOrder: 0
  m_LocalEulerAnglesHint: {x: 12.3221, y: 1.7103, z: 31.122398}
--- !u!1 &8441988853162515924
GameObject:
  m_ObjectHideFlags: 0
  m_CorrespondingSourceObject: {fileID: 0}
  m_PrefabInstance: {fileID: 0}
  m_PrefabAsset: {fileID: 0}
  serializedVersion: 6
  m_Component:
  - component: {fileID: 8441988853162114496}
  m_Layer: 0
  m_Name: Bip001 R Toe0Nub
  m_TagString: Untagged
  m_Icon: {fileID: 0}
  m_NavMeshLayer: 0
  m_StaticEditorFlags: 0
  m_IsActive: 1
--- !u!4 &8441988853162114496
Transform:
  m_ObjectHideFlags: 0
  m_CorrespondingSourceObject: {fileID: 0}
  m_PrefabInstance: {fileID: 0}
  m_PrefabAsset: {fileID: 0}
  m_GameObject: {fileID: 8441988853162515924}
  m_LocalRotation: {x: 0, y: -1.9260907e-13, z: -0, w: 1}
  m_LocalPosition: {x: -0.13325363, y: 3.4924597e-10, z: -0.000000059604645}
  m_LocalScale: {x: 1, y: 1, z: 1}
  m_Children: []
  m_Father: {fileID: 8441988853162066300}
  m_RootOrder: 0
  m_LocalEulerAnglesHint: {x: 0, y: 0, z: 0}
--- !u!1 &8441988853162518284
GameObject:
  m_ObjectHideFlags: 0
  m_CorrespondingSourceObject: {fileID: 0}
  m_PrefabInstance: {fileID: 0}
  m_PrefabAsset: {fileID: 0}
  serializedVersion: 6
  m_Component:
  - component: {fileID: 8441988853162079388}
  m_Layer: 0
  m_Name: Bone001
  m_TagString: Untagged
  m_Icon: {fileID: 0}
  m_NavMeshLayer: 0
  m_StaticEditorFlags: 0
  m_IsActive: 1
--- !u!4 &8441988853162079388
Transform:
  m_ObjectHideFlags: 0
  m_CorrespondingSourceObject: {fileID: 0}
  m_PrefabInstance: {fileID: 0}
  m_PrefabAsset: {fileID: 0}
  m_GameObject: {fileID: 8441988853162518284}
  m_LocalRotation: {x: 0.0612962, y: 0.99811965, z: -0.0000016714474, w: -0.00000055856276}
  m_LocalPosition: {x: -0.10465181, y: -0.2775795, z: 0.0000009760261}
  m_LocalScale: {x: 1, y: 1, z: 1}
  m_Children:
  - {fileID: 8441988853162072450}
  m_Father: {fileID: 8441988853162124246}
  m_RootOrder: 1
  m_LocalEulerAnglesHint: {x: 0.0002, y: -179.9999, z: 7.0284}
--- !u!1 &8441988853162522318
GameObject:
  m_ObjectHideFlags: 0
  m_CorrespondingSourceObject: {fileID: 0}
  m_PrefabInstance: {fileID: 0}
  m_PrefabAsset: {fileID: 0}
  serializedVersion: 6
  m_Component:
  - component: {fileID: 8441988853162154096}
  m_Layer: 0
  m_Name: Bip001 L Hand
  m_TagString: Untagged
  m_Icon: {fileID: 0}
  m_NavMeshLayer: 0
  m_StaticEditorFlags: 0
  m_IsActive: 1
--- !u!4 &8441988853162154096
Transform:
  m_ObjectHideFlags: 0
  m_CorrespondingSourceObject: {fileID: 0}
  m_PrefabInstance: {fileID: 0}
  m_PrefabAsset: {fileID: 0}
  m_GameObject: {fileID: 8441988853162522318}
  m_LocalRotation: {x: -0.70825267, y: 0.019018183, z: -0.2531345, w: 0.65874076}
  m_LocalPosition: {x: -0.34622803, y: 0.000000029802322, z: -0.00000011920929}
  m_LocalScale: {x: 1.0000001, y: 1.0000001, z: 1}
  m_Children:
  - {fileID: 8441988853162065548}
  - {fileID: 8441988853162073726}
  m_Father: {fileID: 8441988853162179032}
  m_RootOrder: 0
  m_LocalEulerAnglesHint: {x: -67.4405, y: 90.5925, z: -110.0293}
--- !u!1 &8441988853162525956
GameObject:
  m_ObjectHideFlags: 0
  m_CorrespondingSourceObject: {fileID: 0}
  m_PrefabInstance: {fileID: 0}
  m_PrefabAsset: {fileID: 0}
  serializedVersion: 6
  m_Component:
  - component: {fileID: 8441988853162150772}
  m_Layer: 0
  m_Name: Bip001 R Finger0
  m_TagString: Untagged
  m_Icon: {fileID: 0}
  m_NavMeshLayer: 0
  m_StaticEditorFlags: 0
  m_IsActive: 1
--- !u!4 &8441988853162150772
Transform:
  m_ObjectHideFlags: 0
  m_CorrespondingSourceObject: {fileID: 0}
  m_PrefabInstance: {fileID: 0}
  m_PrefabAsset: {fileID: 0}
  m_GameObject: {fileID: 8441988853162525956}
  m_LocalRotation: {x: -0.45916346, y: 0.34637505, z: -0.007660499, w: 0.8180065}
  m_LocalPosition: {x: -0.11865574, y: 0.026091337, z: 0.13582551}
  m_LocalScale: {x: 0.99999994, y: 0.99999994, z: 0.99999994}
  m_Children:
  - {fileID: 8441988853162110318}
  m_Father: {fileID: 8441988853162177256}
  m_RootOrder: 0
  m_LocalEulerAnglesHint: {x: -48.2357, y: 59.4669, z: -29.7603}
--- !u!1 &8441988853162528278
GameObject:
  m_ObjectHideFlags: 0
  m_CorrespondingSourceObject: {fileID: 0}
  m_PrefabInstance: {fileID: 0}
  m_PrefabAsset: {fileID: 0}
  serializedVersion: 6
  m_Component:
  - component: {fileID: 8441988853162177598}
  m_Layer: 0
  m_Name: Bip001 L Thigh
  m_TagString: Untagged
  m_Icon: {fileID: 0}
  m_NavMeshLayer: 0
  m_StaticEditorFlags: 0
  m_IsActive: 1
--- !u!4 &8441988853162177598
Transform:
  m_ObjectHideFlags: 0
  m_CorrespondingSourceObject: {fileID: 0}
  m_PrefabInstance: {fileID: 0}
  m_PrefabAsset: {fileID: 0}
  m_GameObject: {fileID: 8441988853162528278}
  m_LocalRotation: {x: -0.5024421, y: 0.764973, z: 0.29030326, w: 0.2794502}
  m_LocalPosition: {x: 0.18119335, y: 0.027578652, z: 0.24157657}
  m_LocalScale: {x: 0.9999998, y: 0.9999998, z: 0.99999994}
  m_Children:
  - {fileID: 8441988853162060338}
  m_Father: {fileID: 8441988853162179430}
  m_RootOrder: 0
  m_LocalEulerAnglesHint: {x: -46.465797, y: 168.62729, z: -61.699398}
--- !u!1 &8441988853162529976
GameObject:
  m_ObjectHideFlags: 0
  m_CorrespondingSourceObject: {fileID: 0}
  m_PrefabInstance: {fileID: 0}
  m_PrefabAsset: {fileID: 0}
  serializedVersion: 6
  m_Component:
  - component: {fileID: 8441988853162060338}
  m_Layer: 0
  m_Name: Bip001 L Calf
  m_TagString: Untagged
  m_Icon: {fileID: 0}
  m_NavMeshLayer: 0
  m_StaticEditorFlags: 0
  m_IsActive: 1
--- !u!4 &8441988853162060338
Transform:
  m_ObjectHideFlags: 0
  m_CorrespondingSourceObject: {fileID: 0}
  m_PrefabInstance: {fileID: 0}
  m_PrefabAsset: {fileID: 0}
  m_GameObject: {fileID: 8441988853162529976}
  m_LocalRotation: {x: -0.000000048958313, y: -0.000000013056561, z: 0.53044087, w: 0.84772193}
  m_LocalPosition: {x: -0.35936242, y: -0.000000059604645, z: -0.000000029802322}
  m_LocalScale: {x: 1.0000002, y: 1.0000001, z: 1}
  m_Children:
  - {fileID: 8441988853162175560}
  m_Father: {fileID: 8441988853162177598}
  m_RootOrder: 0
  m_LocalEulerAnglesHint: {x: 0, y: 0, z: 64.070496}
--- !u!1 &8441988853162534538
GameObject:
  m_ObjectHideFlags: 0
  m_CorrespondingSourceObject: {fileID: 0}
  m_PrefabInstance: {fileID: 0}
  m_PrefabAsset: {fileID: 0}
  serializedVersion: 6
  m_Component:
  - component: {fileID: 8441988853162103126}
  m_Layer: 0
  m_Name: Bip001 L Finger11
  m_TagString: Untagged
  m_Icon: {fileID: 0}
  m_NavMeshLayer: 0
  m_StaticEditorFlags: 0
  m_IsActive: 1
--- !u!4 &8441988853162103126
Transform:
  m_ObjectHideFlags: 0
  m_CorrespondingSourceObject: {fileID: 0}
  m_PrefabInstance: {fileID: 0}
  m_PrefabAsset: {fileID: 0}
  m_GameObject: {fileID: 8441988853162534538}
  m_LocalRotation: {x: -0.0677362, y: 0.0072741243, z: -0.48600155, w: 0.87129873}
  m_LocalPosition: {x: -0.12298375, y: -0.00000011920929, z: -0.000000059604645}
  m_LocalScale: {x: 1, y: 1.0000001, z: 1}
  m_Children:
  - {fileID: 8441988853162050690}
  m_Father: {fileID: 8441988853162073726}
  m_RootOrder: 0
  m_LocalEulerAnglesHint: {x: -6.371, y: 4.5313, z: -58.557}
--- !u!1 &8441988853162535114
GameObject:
  m_ObjectHideFlags: 0
  m_CorrespondingSourceObject: {fileID: 0}
  m_PrefabInstance: {fileID: 0}
  m_PrefabAsset: {fileID: 0}
  serializedVersion: 6
  m_Component:
  - component: {fileID: 8441988853162179032}
  m_Layer: 0
  m_Name: Bip001 L Forearm
  m_TagString: Untagged
  m_Icon: {fileID: 0}
  m_NavMeshLayer: 0
  m_StaticEditorFlags: 0
  m_IsActive: 1
--- !u!4 &8441988853162179032
Transform:
  m_ObjectHideFlags: 0
  m_CorrespondingSourceObject: {fileID: 0}
  m_PrefabInstance: {fileID: 0}
  m_PrefabAsset: {fileID: 0}
  m_GameObject: {fileID: 8441988853162535114}
  m_LocalRotation: {x: 0, y: 0, z: 0.40802324, w: 0.91297156}
  m_LocalPosition: {x: -0.3718071, y: 0, z: 0}
  m_LocalScale: {x: 0.9999999, y: 1.0000001, z: 1}
  m_Children:
  - {fileID: 8441988853162154096}
  m_Father: {fileID: 8441988853162176792}
  m_RootOrder: 0
  m_LocalEulerAnglesHint: {x: 0, y: 0, z: 48.1614}
--- !u!1 &8441988853162536678
GameObject:
  m_ObjectHideFlags: 0
  m_CorrespondingSourceObject: {fileID: 0}
  m_PrefabInstance: {fileID: 0}
  m_PrefabAsset: {fileID: 0}
  serializedVersion: 6
  m_Component:
  - component: {fileID: 8441988853162100676}
  m_Layer: 0
  m_Name: Bip001 R Calf
  m_TagString: Untagged
  m_Icon: {fileID: 0}
  m_NavMeshLayer: 0
  m_StaticEditorFlags: 0
  m_IsActive: 1
--- !u!4 &8441988853162100676
Transform:
  m_ObjectHideFlags: 0
  m_CorrespondingSourceObject: {fileID: 0}
  m_PrefabInstance: {fileID: 0}
  m_PrefabAsset: {fileID: 0}
  m_GameObject: {fileID: 8441988853162536678}
  m_LocalRotation: {x: -0.000000016235528, y: 0.000000042312177, z: 0.50685453, w: 0.8620316}
  m_LocalPosition: {x: -0.35936227, y: -0.000000059604645, z: 0}
  m_LocalScale: {x: 1, y: 1, z: 1}
  m_Children:
  - {fileID: 8441988853162102522}
  m_Father: {fileID: 8441988853162179524}
  m_RootOrder: 0
  m_LocalEulerAnglesHint: {x: 0, y: 0, z: 60.9091}
